<?xml version="1.0" encoding="UTF-8"?><collection xmlns="http://www.loc.gov/MARC21/slim"><record><leader>00686nam--2200217-u-4500</leader><controlfield tag="001">000050321</controlfield><controlfield tag="002">20161230</controlfield><controlfield tag="005">20161230201048</controlfield><controlfield tag="008">060531s1000------------r-----000-0-eng-d</controlfield><datafield ind1=" " ind2=" " tag="020"><subfield code="a">0817634908</subfield></datafield><datafield ind1=" " ind2=" " tag="040"><subfield code="a">IFIN-HH</subfield></datafield><datafield ind1=" " ind2=" " tag="080"><subfield code="a">514.764.2:514.748</subfield></datafield><datafield ind1="1" ind2=" " tag="100"><subfield code="a">Carmo, Manfredo Perdigao do</subfield></datafield><datafield ind1="1" ind2="0" tag="245"><subfield code="a">Riemannian Geometry</subfield><subfield code="b">Translated by Francis Flaherty</subfield><subfield code="c">Manfredo Perdigao do Carmo</subfield></datafield><datafield ind1=" " ind2=" " tag="260"><subfield code="a">Boston</subfield><subfield code="b">Birkhauser</subfield><subfield code="c">1992</subfield></datafield><datafield ind1=" " ind2=" " tag="300"><subfield code="a">xii, 300 p</subfield></datafield><datafield ind1=" " ind2=" " tag="490"><subfield code="a">Mathematics: Theory and Applications; Series editor Nolan Wallach</subfield></datafield><datafield ind1=" " ind2=" " tag="504"><subfield code="a">Cuprinde Referinte bibliografice si Index</subfield></datafield><datafield ind1=" " ind2="0" tag="650"><subfield code="a">Geometry, Remannian</subfield></datafield><datafield ind1=" " ind2=" " tag="852"><subfield code="a">81615</subfield><subfield code="c">513.73</subfield></datafield><datafield ind1=" " ind2=" " tag="CAT"><subfield code="a">Sys</subfield><subfield code="c">20110324</subfield><subfield code="h">144907</subfield></datafield></record></collection>